658 1096
160 53 223 57 Moralische Gedichte

475 48 42 52 117

71 85 450 70 „ 41 Verhoͤhnen ſie ſo ſehr der Juden Glaubens-

351 119 65 52 zeichen,

71 139 453 72 „Die, dem Gewiſſen nach, ſo vielen Chriſten

352 170 87 56 gleichen?

73 196 451 67 „ Entſchuldigen Sie mich: ich ſprech ein andermal. „

86 233 441 67 O ſchwarzer Ungluͤckstag, was bringſt du mir fuͤr

357 263 62 53 Qual!

72 286 456 66 42 Der Unbarmherzige, der Spoͤtter, geht, und

358 318 58 53 ſiehet,

72 341 420 65 Obgleich er uͤber mir das große Meſſer ſiehet,

75 367 453 66 Mit dem der Prahler ficht. 43 Allein, wer zeigt

367 394 87 54 ſich dort?

74 419 454 68 Sein Gegner koͤmmt, und ſchreyt: „Wohin, Nichts-

356 448 158 56 wuͤrdger? Fort!„

74 472 458 68 Und ſagt im Scherz zu mir: 44 „Dürft ich Sie zey-

359 504 120 57 gen laſſen!„

76 529 459 66 Ja! muͤſſt auch Jhre Hand mein Ohr, auf roͤmiſch,

369 560 55 53 faſſen.

307 592 44 51 H3

507 581 27 50 Er

97 625 440 67 Multorum: ignoſces, alias loquar. Hunccine ſolem

100 653 436 66 Tam nigrum ſurrexe mihi? 42 Fugit improbus,

400 680 64 53 ac me.

100 706 406 66 Sub cultro linquit. 43 Caſu venit obvius illi

98 735 396 64 Adverſarius, & Quo tu, turpiſſime? magna

100 760 436 66 Inclamat voce, & 44 Licet anteſtari? Ego vero

483 786 52 56 Oppo-

100 824 444 66 thum geben, und dieſes Feſt ward, vor allen andern, an

99 849 445 65 den Orten, der Verſammlung, mit Fackeln und Lampen

102 873 436 66 erhellet. Um ſo mehr mußte es in Rom hervorleuchten,

503 929 36 16 und
