658 1096
160 53 383 110 Moralische Gedichte
475 48 517 100 117
71 85 521 155 „ 41 Verhoͤhnen ſie ſo ſehr der Juden Glaubens-
351 119 416 171 zeichen,
71 139 524 211 „Die, dem Gewiſſen nach, ſo vielen Chriſten
352 170 439 226 gleichen?
73 196 524 263 „ Entſchuldigen Sie mich: ich ſprech ein andermal. „
86 233 527 300 O ſchwarzer Ungluͤckstag, was bringſt du mir fuͤr
357 263 419 316 Qual!
72 286 528 352 42 Der Unbarmherzige, der Spoͤtter, geht, und
358 318 416 371 ſiehet,
72 341 492 406 Obgleich er uͤber mir das große Meſſer ſiehet,
75 367 528 433 Mit dem der Prahler ficht. 43 Allein, wer zeigt
367 394 454 448 ſich dort?
74 419 528 487 Sein Gegner koͤmmt, und ſchreyt: „Wohin, Nichts-
356 448 514 504 wuͤrdger? Fort!„
74 472 532 540 Und ſagt im Scherz zu mir: 44 „Dürft ich Sie zey-
359 504 479 561 gen laſſen!„
76 529 535 595 Ja! muͤſſt auch Jhre Hand mein Ohr, auf roͤmiſch,
369 560 424 613 faſſen.
307 592 351 643 H3
507 581 534 631 Er
97 625 537 692 Multorum: ignoſces, alias loquar. Hunccine ſolem
100 653 536 719 Tam nigrum ſurrexe mihi? 42 Fugit improbus,
400 680 464 733 ac me.
100 706 506 772 Sub cultro linquit. 43 Caſu venit obvius illi
98 735 494 799 Adverſarius, & Quo tu, turpiſſime? magna
100 760 536 826 Inclamat voce, & 44 Licet anteſtari? Ego vero
483 786 535 842 Oppo-
100 824 544 890 thum geben, und dieſes Feſt ward, vor allen andern, an
99 849 544 914 den Orten, der Verſammlung, mit Fackeln und Lampen
102 873 538 939 erhellet. Um ſo mehr mußte es in Rom hervorleuchten,
503 929 539 945 und
